@book{nystrom2014,
title = {Game Programming Patterns},
author = {Nystrom, Robert},
year = {2014},
publisher = {Genever Benning}
}